@article{cormen2002algoritmos,
  title={Algoritmos: teoria e pr{\'a}tica},
  author={Cormen, Thomas H and Leiserson, Charles E and Rivest, Ronald L and Stein, Clifford},
  journal={Editora Campus},
  volume={2},
  pages={296},
  year={2002}
}

@Book{knuth:84,
  author = 	 {Donald E. Knuth},
  title = 	 {The {\TeX} Book},
  publisher = 	 {Addison-Wesley},
  year = 	 {1984},
  edition = 	 {15th}
}

@InCollection{boulic:91,
  author = 	 {R. Boulic and O. Renault},
  title = 	 {3D Hierarchies for Animation},
  booktitle = 	 {New Trends in Animation and Visualization},
  publisher =    {John Wiley {\&} Sons ltd.},
  year = 	 {1991},
  editor = 	 {Nadia Magnenat-Thalmann and Daniel Thalmann}
}

@InCollection{smith:99,
  author = 	 {A. Smith and B. Jones},
  title = 	 {On the Complexity of Computing},
  booktitle = 	 {Advances in Computer Science},
  pages = 	 {555--566},
  publisher =    {Publishing Press},
  year = 	 {1999},
  editor = 	 {A. B. Smith-Jones}
}

@InProceedings{ahmed:24,
  author    = {Ahmed, A. and Liscano, R. and Azim, A. and Chang, Y.-K. and Sundaresan, V.},
  title     = {Identification of {Java} lock contention anti-patterns based on runtime performance data},
  booktitle = {Proceedings of the 2024 IEEE/ACM International Conference on Automation of Software Test (AST)},
  year      = {2024},
  address   = {Lisbon, Portugal},
  pages     = {209--213},
  publisher = {IEEE/ACM},
  doi       = {10.1145/3644032.3644466},
  url       = {https://dl.acm.org/doi/10.1145/3644032.3644466}
}

@InProceedings{chirila:24,
  author    = {Ciprian{-}Bogdan Chiril{\u{a}} and Ioana {\c{S}}ora},
  title     = {{Java} Single vs. Platform vs. Virtual Threads Runtime Performance Assessment in the Context of Key Class Detection},
  booktitle = {2024 IEEE 18th International Symposium on Applied Computational Intelligence and Informatics (SACI)},
  year      = {2024},
  publisher = {IEEE},
  doi       = {10.1109/SACI60582.2024.10619722},
  url       = {https://doi.org/10.1109/SACI60582.2024.10619722}
}

@InProceedings{chong:08,
  author    = {Xin{-}Fa Chong and Irwan Chikkannan and Somnuk Phon{-}Amnuaisuk},
  title     = {Enhanced Parallel Thread Scheduling for {Java}-Based Applications on Multi-Core Architecture},
  booktitle = {Proceedings of the 10th International Conference on Advanced Communication Technology (ICACT)},
  year      = {2008},
  pages     = {1144--1149},
  publisher = {IEEE},
  doi       = {10.1109/ICACT.2008.4493968},
  url       = {https://doi.org/10.1109/ICACT.2008.4493968}
}

@InProceedings{fluri:23,
  author    = {Fluri, J. and Fornari, F. and Pustulka, E.},
  title     = {Measuring the Benefits of {CI/CD} Practices for Database Application Development},
  booktitle = {Proceedings of the 2023 IEEE/ACM International Conference on Software and System Processes (ICSSP)},
  year      = {2023},
  address   = {Melbourne, Australia},
  pages     = {46--57},
  publisher = {IEEE/ACM},
  doi       = {10.1109/ICSSP59042.2023.00015},
  url       = {https://doi.org/10.1109/ICSSP59042.2023.00015}
}

@InProceedings{job:24,
  author    = {R. Job and A. Hora},
  title     = {Availability and Usage of Platform-Specific {APIs}: A First Empirical Study},
  booktitle = {Proceedings of the 2024 IEEE/ACM 21st International Conference on Mining Software Repositories (MSR)},
  year      = {2024},
  address   = {Lisbon, Portugal},
  pages     = {27--31},
  publisher = {IEEE/ACM},
  doi       = {10.1145/3643991.3644925},
  url       = {https://dl.acm.org/doi/10.1145/3643991.3644925}
}

@InProceedings{lasic:24,
  author    = {Luka La{\v{s}}i{\'c} and Dora Beroni{\'c} and Branko Mihaljevi{\'c} and Aleksander Radovan},
  title     = {Assessing the Efficiency of {Java} Virtual Threads in Database-Driven Server Applications},
  booktitle = {47th MIPRO ICT and Electronics Convention (MIPRO)},
  year      = {2024},
  pages     = {2045--2050},
  publisher = {IEEE},
  doi       = {10.1109/MIPRO60963.2024.10569754},
  url       = {https://doi.org/10.1109/MIPRO60963.2024.10569754}
}

@Article{meijer:24,
  author    = {Willem Meijer and Catia Trubiani and Aldeida Aleti},
  title     = {Experimental evaluation of architectural software performance design patterns for microservices},
  journal   = {Journal of Systems and Software},
  year      = {2024},
  volume    = {205},
  pages     = {112183},
  publisher = {Elsevier},
  doi       = {10.1016/j.jss.2024.112183},
  url       = {https://doi.org/10.1016/j.jss.2024.112183}
}

@InProceedings{mohamed:21,
  author    = {Haytham Mohamed and Sadegh Khazaei and Hamzeh Khazaei and Amir Taherkordi},
  title     = {End-to-End Latency Prediction of Microservices Workflow on {Kubernetes}: A Comparative Evaluation of Machine Learning Models and Resource Metrics},
  booktitle = {Proceedings of the 54th Hawaii International Conference on System Sciences (HICSS-54)},
  year      = {2021},
  pages     = {1717--1726},
  publisher = {HICSS},
  isbn      = {978-0-9981331-4-0},
  doi       = {10.24251/HICSS.2021.208},
  url       = {https://hdl.handle.net/10125/70820}
}

@InProceedings{navarro:23,
  author    = {Arthur Navarro and Julien Ponge and Fr{\'e}d{\'e}ric Le Mou{\"e}l and Cl{\'e}ment Escoffier},
  title     = {Considerations for integrating virtual threads in a {Java} framework: a {Quarkus} example in a resource-constrained environment},
  booktitle = {Proceedings of the 17th ACM International Conference on Distributed and Event-Based Systems (DEBS '23) Companion},
  year      = {2023},
  address   = {Neuch{\^a}tel, Switzerland},
  publisher = {ACM},
  isbn      = {979-8-4007-0122-1}
}

@InProceedings{rosa:23,
  author    = {Andrea Ros{\`a} and Matteo Basso and Leonardo Bohnhoff and Walter Binder},
  title     = {Automated Runtime Transition between Virtual and Platform Threads in the {Java} Virtual Machine},
  booktitle = {30th Asia-Pacific Software Engineering Conference (APSEC)},
  year      = {2023},
  pages     = {607--611},
  publisher = {IEEE},
  doi       = {10.1109/APSEC60848.2023.00080},
  url       = {https://doi.org/10.1109/APSEC60848.2023.00080}
}

@InProceedings{shafabakhsh:20,
  author    = {Benyamin Shafabakhsh and Robert Lagerstr{\"o}m and Simon Hacks},
  title     = {Evaluating the Impact of Inter-Process Communication in Microservice Architectures: A Quantitative Study},
  booktitle = {Proceedings of the 8th International Workshop on Quantitative Approaches to Software Quality (QuASoQ 2020)},
  year      = {2020},
  organization = {QuASoQ},
  url       = {https://ceur-ws.org/Vol-2767/07-QuASoQ-2020.pdf}
}

@InProceedings{shahoor:24,
  author    = {Arooba Shahoor and Jooyong Yi and Dongsun Kim},
  title     = {Preserving Reactiveness: Understanding and Improving the Debugging Practice of Blocking-Call Bugs},
  booktitle = {Proceedings of the 33rd ACM SIGSOFT International Symposium on Software Testing and Analysis (ISSTA 2024)},
  year      = {2024},
  address   = {New York, NY, USA},
  pages     = {768--780},
  publisher = {ACM},
  doi       = {10.1145/3650212.3680319},
  url       = {https://doi.org/10.1145/3650212.3680319}
}

@InProceedings{sirotic:25,
  author    = {Zlatko Siroti{\'c} and Sini{\v{s}}a Sovilj and Matija Or{\v{s}}uli{\'c} and Kre{\v{s}}imir Pripu{\v{z}}i{\'c}},
  title     = {Comparison of {Java} Virtual and Non-Virtual Threads in Parallel Programming},
  booktitle = {48th MIPRO ICT and Electronics Convention (MIPRO), Software and Systems Engineering Track (SSE)},
  year      = {2025},
  publisher = {IEEE}
}

@InProceedings{wen:21,
  author    = {Jinfeng Wen and Yi Liu},
  title     = {A Measurement Study on Serverless Workflow Services},
  booktitle = {2021 IEEE International Conference on Web Services (ICWS)},
  year      = {2021},
  publisher = {IEEE},
  doi       = {10.1109/ICWS53863.2021.00102},
  url       = {https://doi.org/10.1109/ICWS53863.2021.00102}
}

@InProceedings{beronic:21,
  author    = {Dora Beroni{\'c} and Paula Pufek and Branko Mihaljevi{\'c} and Aleksander Radovan},
  title     = {On Analyzing Virtual Threads -- a Structured Concurrency Model for Scalable Applications on the {JVM}},
  booktitle = {2021 44th International Convention on Information, Communication and Electronic Technology (MIPRO)},
  year      = {2021},
  pages     = {1684--1689},
  address   = {Opatija, Croatia},
  publisher = {IEEE},
  doi       = {10.23919/MIPRO52101.2021.9596855}
}

@Misc{lasic:24-preprint,
  author    = {Luka La{\v{s}}i{\'c} and Dora Beroni{\'c} and Branko Mihaljevi{\'c} and Aleksander Radovan},
  title     = {Assessing the Efficiency of {Java} Virtual Threads in Database-Driven Server Applications},
  year      = {2024},
  howpublished = {Manuscript / Technical report},
  institution  = {RIT Croatia},
  note      = {Vers{\~a}o de materiais de aula; use {lasic:24} para a vers{\~a}o publicada com DOI}
}

@misc{jep444,
  author       = {Pressler, Ron and Bateman, Alan and Reinhold, Mark},
  title        = {JEP 444: Virtual Threads},
  year         = {2023},
  institution  = {OpenJDK},
  howpublished = {\url{https://openjdk.org/jeps/444}},
  urldate      = {2025-09-28}
}

@INPROCEEDINGS{9796297,
  author={Zimmerle, Carlos and Gama, Kiev and Castor, Fernando and Filho, Jos√© Murilo Mota},
  booktitle={2022 IEEE/ACM 19th International Conference on Mining Software Repositories (MSR)}, 
  title={Mining the Usage of Reactive Programming APIs: A Study on GitHub and Stack Overflow}, 
  year={2022},
  volume={},
  number={},
  pages={203-214},
  keywords={Debugging;Programming;Libraries;Software;Data mining;Usability;Software development management;Reactive Programming;API Usability;Mining Software Repositories},
  doi={10.1145/3524842.3527966}}
