@InProceedings{mohamed:21,
  author    = {Haytham Mohamed and Sadegh Khazaei and Hamzeh Khazaei and Amir Taherkordi},
  title     = {End-to-End Latency Prediction of Microservices Workflow on {Kubernetes}: A Comparative Evaluation of Machine Learning Models and Resource Metrics},
  booktitle = {Proceedings of the 54th Hawaii International Conference on System Sciences (HICSS-54)},
  year      = {2021},
  pages     = {1717--1726},
  publisher = {HICSS},
  isbn      = {978-0-9981331-4-0},
  doi       = {10.24251/HICSS.2021.208},
  url       = {https://hdl.handle.net/10125/70820}
}

@InProceedings{navarro:23,
  author    = {Arthur Navarro and Julien Ponge and Fr{\'e}d{\'e}ric Le Mou{\"e}l and Cl{\'e}ment Escoffier},
  title     = {Considerations for integrating virtual threads in a {Java} framework: a {Quarkus} example in a resource-constrained environment},
  booktitle = {Proceedings of the 17th ACM International Conference on Distributed and Event-Based Systems (DEBS '23) Companion},
  year      = {2023},
  address   = {Neuch{\^a}tel, Switzerland},
  publisher = {ACM},
  isbn      = {979-8-4007-0122-1}
}

@InProceedings{lasic:24,
  author    = {Luka La{\v{s}}i{\'c} and Dora Beroni{\'c} and Branko Mihaljevi{\'c} and Aleksander Radovan},
  title     = {Assessing the Efficiency of {Java} Virtual Threads in Database-Driven Server Applications},
  booktitle = {47th MIPRO ICT and Electronics Convention (MIPRO)},
  year      = {2024},
  pages     = {2045--2050},
  publisher = {IEEE},
  doi       = {10.1109/MIPRO60963.2024.10569754},
  url       = {https://doi.org/10.1109/MIPRO60963.2024.10569754}
}

@InProceedings{rosa:23,
  author    = {Andrea Ros{\`a} and Matteo Basso and Leonardo Bohnhoff and Walter Binder},
  title     = {Automated Runtime Transition between Virtual and Platform Threads in the {Java} Virtual Machine},
  booktitle = {30th Asia-Pacific Software Engineering Conference (APSEC)},
  year      = {2023},
  pages     = {607--611},
  publisher = {IEEE},
  doi       = {10.1109/APSEC60848.2023.00080},
  url       = {https://doi.org/10.1109/APSEC60848.2023.00080}
}

@misc{jep444,
  author       = {Pressler, Ron and Bateman, Alan and Reinhold, Mark},
  title        = {JEP 444: Virtual Threads},
  year         = {2023},
  institution  = {OpenJDK},
  howpublished = {\url{https://openjdk.org/jeps/444}},
  urldate      = {2025-09-28}
}
